@article{nguyen2022survey,
  title={A survey of machine unlearning},
  author={Nguyen, Thanh Tam and Huynh, Thanh Trung and Nguyen, Phi Le and Liew, Alan Wee-Chung and Yin, Hongzhi and Nguyen, Quoc Viet Hung},
  journal={arXiv preprint arXiv:2209.02299},
  year={2022}
}

@article{wang2024comprehensive,
  title={A comprehensive survey of continual learning: theory, method and application},
  author={Wang, Liyuan and Zhang, Xingxing and Su, Hang and Zhu, Jun},
  journal={IEEE Transactions on Pattern Analysis and Machine Intelligence},
  year={2024},
  publisher={IEEE}
}

@inproceedings{serra2018overcoming,
  title={Overcoming catastrophic forgetting with hard attention to the task},
  author={Serra, Joan and Suris, Didac and Miron, Marius and Karatzoglou, Alexandros},
  booktitle={International conference on machine learning},
  pages={4548--4557},
  year={2018},
  organization={PMLR}
}

@inproceedings{wang2024adahat,
  title={AdaHAT: Adaptive Hard Attention to the Task in Task-Incremental Learning},
  author={Wang, Pengxiang and Bo, Hongbo and Hong, Jun and Liu, Weiru and Mu, Kedian},
  booktitle={Joint European Conference on Machine Learning and Knowledge Discovery in Databases},
  pages={143--160},
  year={2024},
  organization={Springer}
}

@inproceedings{liu2022continual,
  title={Continual learning and private unlearning},
  author={Liu, Bo and Liu, Qiang and Stone, Peter},
  booktitle={Conference on Lifelong Learning Agents},
  pages={243--254},
  year={2022},
  organization={PMLR}
}

@inproceedings{shibata2021learning,
  title={Learning with Selective Forgetting.},
  author={Shibata, Takashi and Irie, Go and Ikami, Daiki and Mitsuzumi, Yu},
  booktitle={IJCAI},
  volume={3},
  pages={4},
  year={2021}
}

@inproceedings{bourtoule2021machine,
  title={Machine unlearning},
  author={Bourtoule, Lucas and Chandrasekaran, Varun and Choquette-Choo, Christopher A and Jia, Hengrui and Travers, Adelin and Zhang, Baiwu and Lie, David and Papernot, Nicolas},
  booktitle={2021 IEEE Symposium on Security and Privacy (SP)},
  pages={141--159},
  year={2021},
  organization={IEEE}
}

@inproceedings{graves2021amnesiac,
  title={Amnesiac machine learning},
  author={Graves, Laura and Nagisetty, Vineel and Ganesh, Vijay},
  booktitle={Proceedings of the AAAI Conference on Artificial Intelligence},
  volume={35},
  number={13},
  pages={11516--11524},
  year={2021}
}

@inproceedings{mallya2018packnet,
  title={Packnet: Adding multiple tasks to a single network by iterative pruning},
  author={Mallya, Arun and Lazebnik, Svetlana},
  booktitle={Proceedings of the IEEE conference on Computer Vision and Pattern Recognition},
  pages={7765--7773},
  year={2018}
}